@article{IsingThesis,
   author = {{Ising}, E.},
    title = "{Beitrag zur Theorie des Ferromagnetismus}",
  journal = {Zeitschrift fur Physik},
     year = 1925,
    month = feb,
   volume = 31,
    pages = {253-258},
      doi = {10.1007/BF02980577},
   adsurl = {http://adsabs.harvard.edu/abs/1925ZPhy...31..253I},
  adsnote = {Provided by the SAO/NASA Astrophysics Data System}
}

@article{dobrushin,
  title={The existence of a phase transition in the two-and three-dimensional Ising models},
  author={Dobrushin, Roland L'vovich},
  journal={Teoriya Veroyatnostei i ee Primeneniya},
  volume={10},
  number={2},
  pages={209--230},
  year={1965},
  publisher={Russian Academy of Sciences, Branch of Mathematical Sciences}
}

@article{micromagnetic,
  title={Micromagnetic modelling of new generation of FePt and FeRh nanostructures for heat assisted magnetic recording},
  author={Jia, Z and Misra, RDK},
  journal={Materials Science and Technology},
  volume={26},
  number={4},
  pages={200--205},
  year={2011},
  publisher={Maney Publishing Suite 1C, Joseph's Well, Hanover Walk, Leeds LS3 1AB, UK}
}

@article{hou2009vivo,
  title={The in vivo performance of biomagnetic hydroxyapatite nanoparticles in cancer hyperthermia therapy},
  author={Hou, Chun-Han and Hou, Sheng-Mou and Hsueh, Yu-Sheng and Lin, Jinn and Wu, Hsi-Chin and Lin, Feng-Huei},
  journal={Biomaterials},
  volume={30},
  number={23},
  pages={3956--3960},
  year={2009},
  publisher={Elsevier}
}

@book{theorybook,
  title={Lectures on Phase Transitions and the Renormalization Group},
  author={Goldenfeld, N.},
  isbn={9780201554090},
  lccn={92017055},
  series={Frontiers in physics},
  url={https://books.google.co.uk/books?id=DdB1\_\_nl7CYC},
  year={1992},
  publisher={Addison-Wesley, Advanced Book Program}
}

@ARTICLE{Osanger,
   author = {{Onsager}, L.},
    title = "{Crystal Statistics. I. A Two-Dimensional Model with an Order-Disorder Transition}",
  journal = {Physical Review},
     year = 1944,
    month = feb,
   volume = 65,
    pages = {117-149},
      doi = {10.1103/PhysRev.65.117},
   adsurl = {http://adsabs.harvard.edu/abs/1944PhRv...65..117O},
  adsnote = {Provided by the SAO/NASA Astrophysics Data System}
}

@book{sethna2006statistical,
  title={Statistical mechanics: entropy, order parameters, and complexity},
  author={Sethna, James},
  volume={14},
  year={2006},
  publisher={Oxford University Press}
}

@article{2dmag,
  title = {The Spontaneous Magnetization of a Two-Dimensional Ising Model},
  author = {Yang, C. N.},
  journal = {Phys. Rev.},
  volume = {85},
  issue = {5},
  pages = {808--816},
  numpages = {0},
  year = {1952},
  month = {Mar},
  publisher = {American Physical Society},
  doi = {10.1103/PhysRev.85.808},
  url = {http://link.aps.org/doi/10.1103/PhysRev.85.808}
}

@article{TCcalc,
  title = {Crystal Statistics. I. A Two-Dimensional Model with an Order-Disorder Transition},
  author = {Onsager, Lars},
  journal = {Phys. Rev.},
  volume = {65},
  issue = {3-4},
  pages = {117--149},
  numpages = {0},
  year = {1944},
  month = {Feb},
  publisher = {American Physical Society},
  doi = {10.1103/PhysRev.65.117},
  url = {http://link.aps.org/doi/10.1103/PhysRev.65.117}
}

@book{landaubinder,
author = "David P. Landau and Kurt Binder",
title = {A Guide to Monte Carlo Simulations in Statistical Physics}, 
publisher = {Cambridge University Press}, 
year = {2014},
isbn = {9781139696463}, 
edition = {}, 
note = {Cambridge Books Online}, 
url = {http://dx.doi.org/10.1017/CBO9781139696463}
}

@article{metropolis1953equation,
  title={Equation of state calculations by fast computing machines},
  author={Metropolis, Nicholas and Rosenbluth, Arianna W and Rosenbluth, Marshall N and Teller, Augusta H and Teller, Edward},
  journal={The journal of chemical physics},
  volume={21},
  number={6},
  pages={1087--1092},
  year={1953},
  publisher={AIP Publishing}
}

@article{swendsenwang,
  title={Nonuniversal critical dynamics in Monte Carlo simulations},
  author={Swendsen, Robert H and Wang, Jian-Sheng},
  journal={Physical review letters},
  volume={58},
  number={2},
  pages={86},
  year={1987},
  publisher={APS}
}

@article{wolff,
  title={Collective Monte Carlo updating for spin systems},
  author={Wolff, Ulli},
  journal={Physical Review Letters},
  volume={62},
  number={4},
  pages={361},
  year={1989},
  publisher={APS}
}

@article{clusterbalance,
  title={Cluster Algorithms for the Ising model and the Widom-Rowlinson Model},
  author={Rongfeng Sun},
  year={1999}
}

@article{extwolff,
  title={The Wolff Algorithm with External Sources and Boundaries},
  author={deLyra, Jorge},
  jornal={University of Sao Paulo},
  year={2006}
}

@article{wanglandau,
  title={Efficient, multiple-range random walk algorithm to calculate the density of states},
  author={Wang, Fugao and Landau, David P},
  journal={Physical review letters},
  volume={86},
  number={10},
  pages={2050},
  year={2001},
  publisher={APS}
}

@article{wanglandaumag,
  title={Wang-Landau sampling of an asymmetric ising model: a study of the critical endpoint behavior},
  author={Tsai, Shan-Ho and Wang, Fugao and Landau, DP},
  journal={Brazilian journal of physics},
  volume={36},
  number={3A},
  pages={635--639},
  year={2006},
  publisher={SciELO Brasil}
}

@article{zhan2008,
  title={A parallel implementation of the Wang--Landau algorithm},
  author={Zhan, Lixin},
  journal={Computer Physics Communications},
  volume={179},
  number={5},
  pages={339--344},
  year={2008},
  publisher={Elsevier}
}

@article{armadillo,
  title={Armadillo: An open source C++ linear algebra library for fast prototyping and computationally intensive experiments},
  author={Sanderson, Conrad},
  year={2010},
  publisher={NICTA}
}

@article{weller2014hamr,
  title={A HAMR Media Technology Roadmap to an Areal Density of 4 Tb/in},
  author={Weller, Dieter and Parker, Gregory and Mosendz, Oleksandr and Champion, Eric and Stipe, Barry and Wang, Xiaobin and Klemmer, Timothy and Ju, Ganping and Ajan, Antony},
  journal={IEEE transactions on magnetics},
  volume={50},
  number={1},
  pages={3100108},
  year={2014},
  publisher={IEEE-INST ELECTRICAL ELECTRONICS ENGINEERS INC 445 HOES LANE, PISCATAWAY, NJ 08855-4141 USA}
}

@article{dobisz2008patterned,
  title={Patterned media: nanofabrication challenges of future disk drives},
  author={Dobisz, Elizabeth A and Bandic, Zvonomir Z and Wu, Tsai-Wei and Albrecht, Thomas},
  journal={Proceedings of the IEEE},
  volume={96},
  number={11},
  pages={1836--1846},
  year={2008},
  publisher={IEEE}
}

@article{evans2012thermally,
  title={Thermally induced error: density limit for magnetic data storage},
  author={Evans, RFL and Chantrell, RW and Nowak, Ulrich and Lyberatos, Andreas and Richter, H-J},
  journal={Applied Physics Letters},
  volume={100},
  number={10},
  pages={102402},
  year={2012},
  publisher={AIP Publishing}
}

@article{lyberatos2012size,
  title={Size dependence of the Curie temperature of L1o-FePt nanoparticles},
  author={Lyberatos, A and Weller, D and Parker, GJ and Stipe, BC},
  journal={Journal of Applied Physics},
  volume={112},
  number={11},
  pages={113915},
  year={2012},
  publisher={AIP Publishing}
}


@article{richter2007transition,
  title={The transition from longitudinal to perpendicular recording},
  author={Richter, HJ},
  journal={Journal of Physics D: Applied Physics},
  volume={40},
  number={9},
  pages={R149},
  year={2007},
  publisher={IOP Publishing}
}

@article{rottmayer2006heat,
  title={Heat-assisted magnetic recording},
  author={Rottmayer, Robert E and Batra, Sharat and Buechel, Dorothea and Challener, William A and Hohlfeld, Julius and Kubota, Yukiko and Li, Lei and Lu, Bin and Mihalcea, Christophe and Mountfield, Keith and others},
  journal={Magnetics, IEEE Transactions on},
  volume={42},
  number={10},
  pages={2417--2421},
  year={2006},
  publisher={IEEE}
}

@book{yeomans1992statistical,
  title={Statistical mechanics of phase transitions},
  author={Yeomans, Julia M},
  year={1992},
  publisher={Oxford University Press}
}

@article{stanley1987introduction,
  title={Introduction to phase transitions and critical phenomena},
  author={Stanley, H Eugene},
  journal={Introduction to Phase Transitions and Critical Phenomena, by H Eugene Stanley, pp. 336. Foreword by H Eugene Stanley. Oxford University Press, Jul 1987. ISBN-10: 0195053168. ISBN-13: 9780195053166},
  volume={1},
  year={1987}
}

@article{campillo2001substrate,
  title={Substrate dependence of magnetic properties of La 0.67 Ca 0.33 MnO 3 films},
  author={Campillo, G and Berger, A and Osorio, J and Pearson, JE and Bader, SD and Baca, E and Prieto, P},
  journal={Journal of Magnetism and Magnetic Materials},
  volume={237},
  number={1},
  pages={61--68},
  year={2001},
  publisher={Elsevier}
}

@article{berger2002critical,
  title={Critical exponents of inhomogeneous ferromagnets},
  author={Berger, Andreas and Campillo, G and Vivas, P and Pearson, JE and Bader, SD and Baca, E and Prieto, P},
  journal={Journal of applied physics},
  volume={91},
  number={10},
  pages={8393--8395},
  year={2002},
  publisher={New York, NY: American Institute of Physics, c1937-}
}

@article{binder1997applications,
  title={Applications of Monte Carlo methods to statistical physics},
  author={Binder, Kurt},
  journal={Reports on Progress in Physics},
  volume={60},
  number={5},
  pages={487},
  year={1997},
  publisher={IOP Publishing}
}

@article{hovorka2012curie,
  title={The Curie temperature distribution of FePt granular magnetic recording media},
  author={Hovorka, O and Devos, S and Coopman, Q and Fan, WJ and Aas, CJ and Evans, RFL and Chen, Xi and Ju, G and Chantrell, RW},
  journal={Applied Physics Letters},
  volume={101},
  number={5},
  pages={052406},
  year={2012}
}

@article{PhysRev.108.1394,
  title = {Criterion for Ferromagnetism from Observations of Magnetic Isotherms},
  author = {Arrott, Anthony},
  journal = {Phys. Rev.},
  volume = {108},
  issue = {6},
  pages = {1394--1396},
  numpages = {0},
  year = {1957},
  month = {Dec},
  publisher = {American Physical Society},
  doi = {10.1103/PhysRev.108.1394},
  url = {http://link.aps.org/doi/10.1103/PhysRev.108.1394}
}

@book{de2005magnetism,
  title={Magnetism: Fundamentals},
  author={de Lacheisserie, {\'E}tienne Du Tr{\'e}molet and Gignoux, Damien and Schlenker, Michel},
  year={2005},
  publisher={Springer Science+ Business Media}
}

@article{kouvel1964detailed,
  title={Detailed magnetic behavior of nickel near its Curie point},
  author={Kouvel, James S and Fisher, Michael E},
  journal={Physical Review},
  volume={136},
  number={6A},
  pages={A1626},
  year={1964},
  publisher={APS}
}

@article{haetinger2009static,
  title={Static critical exponents of the ferromagnetic transition in spin glass re-entrant systems},
  author={Haetinger, Cl{\'a}udia M and Ghivelder, Luis and Schaf, Jacob and Pureur, Paulo},
  journal={Journal of Physics: Condensed Matter},
  volume={21},
  number={50},
  pages={506006},
  year={2009},
  publisher={IOP Publishing}
}

@article{rieger1993critical,
  title={Critical exponents of the three-dimensional random field Ising model},
  author={Rieger, Heiko and Young, A Peter},
  journal={Journal of Physics A: Mathematical and General},
  volume={26},
  number={20},
  pages={5279},
  year={1993},
  publisher={IOP Publishing}
}

@article{PhysRevB.66.064417,
  title = {Critical properties of thin quantum and classical Heisenberg films},
  author = {Neto, J. Cabral and de Sousa, J. Ricardo and Plascak, J. A.},
  journal = {Phys. Rev. B},
  volume = {66},
  issue = {6},
  pages = {064417},
  numpages = {6},
  year = {2002},
  month = {Aug},
  publisher = {American Physical Society},
  doi = {10.1103/PhysRevB.66.064417},
  url = {http://link.aps.org/doi/10.1103/PhysRevB.66.064417}
}

@article{mryasov2005temperature,
  title={Temperature-dependent magnetic properties of FePt: Effective spin Hamiltonian model},
  author={Mryasov, Oleg N and Nowak, Ulrich and Guslienko, K Yu and Chantrell, Roy W},
  journal={EPL (Europhysics Letters)},
  volume={69},
  number={5},
  pages={805},
  year={2005},
  publisher={IOP Publishing}
}

@article{rong2006size,
  title={Size-dependent chemical and magnetic ordering in L10-FePt nanoparticles},
  author={Rong, Chuan-bing and Li, Daren and Nandwana, Vikas and Poudyal, Narayan and Ding, Yong and Wang, Zhong Lin and Zeng, Hao and Liu, J Ping},
  journal={Advanced Materials},
  volume={18},
  number={22},
  pages={2984--2988},
  year={2006},
  publisher={Wiley Online Library}
}

@article{lu2008size,
  title={Size-dependent ordering and Curie temperatures of FePt nanoparticles},
  author={Lu, HM and Cao, ZH and Zhao, CL and Li, PY and Meng, XK},
  journal={Journal of Applied Physics},
  volume={103},
  number={12},
  pages={123526},
  year={2008},
  publisher={AIP Publishing}
}

@article{kurth2010finite,
  title={Finite-size effects in highly ordered ultrathin FePt films},
  author={Kurth, Felix and Weisheit, Martin and Leistner, Karin and Gemming, Thomas and Holzapfel, Bernhard and Schultz, Ludwig and F{\"a}hler, Sebastian},
  journal={Physical Review B},
  volume={82},
  number={18},
  pages={184404},
  year={2010},
  publisher={APS}
}

@article{thomson2004structural,
  title={Structural and magnetic model of self-assembled FePt nanoparticle arrays},
  author={Thomson, T and Toney, MF and Raoux, S and Lee, SL and Sun, S and Murray, CB and Terris, BD},
  journal={Journal of applied physics},
  volume={96},
  number={2},
  pages={1197--1201},
  year={2004},
  publisher={AIP Publishing}
}

@article{huang1993finite,
  title={Finite-size scaling behavior of ferromagnetic thin films},
  author={Huang, F and Mankey, GJ and Kief, MT and Willis, RF},
  journal={Journal of applied physics},
  volume={73},
  number={10},
  pages={6760--6762},
  year={1993},
  publisher={AIP Publishing}
}

@article{wang2011finite,
  title={Finite-size scaling behavior and intrinsic critical exponents of nickel: Comparison with the three-dimensional Heisenberg model},
  author={Wang, Jun and Wu, Wei and Zhao, Fan and Zhao, Guo-meng},
  journal={Physical Review B},
  volume={84},
  number={17},
  pages={174440},
  year={2011},
  publisher={APS}
}

@article{henkel1998finite,
  title={Finite-size scaling in thin Fe/Ir (100) layers},
  author={Henkel, Malte and Andrieu, St{\'e}phane and Bauer, Philippe and Piecuch, Michel},
  journal={Physical review letters},
  volume={80},
  number={21},
  pages={4783},
  year={1998},
  publisher={APS}
}

@article{zhang2001thickness,
  title={Thickness-dependent Curie temperatures of ultrathin magnetic films: effect of the range of spin-spin interactions},
  author={Zhang, Renjun and Willis, Roy F},
  journal={Physical review letters},
  volume={86},
  number={12},
  pages={2665},
  year={2001},
  publisher={APS}
}

@article{bhattacharjee2001measure,
  title={A measure of data collapse for scaling},
  author={Bhattacharjee, Somendra M and Seno, Flavio},
  journal={Journal of Physics A: Mathematical and General},
  volume={34},
  number={33},
  pages={6375},
  year={2001},
  publisher={IOP Publishing}
}

@article{mermwag,
  title = {Absence of Ferromagnetism or Antiferromagnetism in One- or Two-Dimensional Isotropic Heisenberg Models},
  author = {Mermin, N. D. and Wagner, H.},
  journal = {Phys. Rev. Lett.},
  volume = {17},
  issue = {22},
  pages = {1133--1136},
  numpages = {0},
  year = {1966},
  month = {Nov},
  publisher = {American Physical Society},
  doi = {10.1103/PhysRevLett.17.1133},
  url = {http://link.aps.org/doi/10.1103/PhysRevLett.17.1133}
}

@article{qiu2005toward,
  title={Toward the direct deposition of L10 FePt nanoparticles},
  author={Qiu, Jiao-Ming and Judy, Jack H and Weller, Dieter and Wang, Jian-Ping},
  journal={Journal of applied physics},
  volume={97},
  number={10},
  pages={10J319},
  year={2005},
  publisher={AIP Publishing}
}

@article{apostolova2009possible,
  title={Possible low-TC nanoparticles for use in magnetic hyperthermia treatments},
  author={Apostolova, I and Wesselinowa, JM},
  journal={Solid State Communications},
  volume={149},
  number={25},
  pages={986--990},
  year={2009},
  publisher={Elsevier}
}

@article{hergt2006magnetic,
  title={Magnetic particle hyperthermia: nanoparticle magnetism and materials development for cancer therapy},
  author={Hergt, Rudolf and Dutz, Silvio and M{\"u}ller, Robert and Zeisberger, Matthias},
  journal={Journal of Physics: Condensed Matter},
  volume={18},
  number={38},
  pages={S2919},
  year={2006},
  publisher={IOP Publishing}
}

@article{chernyshov2013measurement,
  title={Measurement of magnetic properties relevant to heat-assisted-magnetic-recording},
  author={Chernyshov, Alexander and Treves, David and Le, Thanh and Papusoi, Cristian and Yuan, Hua and Ajan, Antony and Acharya, Raj},
  journal={Magnetics, IEEE Transactions on},
  volume={49},
  number={7},
  pages={3572--3575},
  year={2013},
  publisher={IEEE}
}

@article{pisana2014measurement,
  title={Measurement of the Curie temperature distribution in FePt granular magnetic media},
  author={Pisana, S and Jain, S and Reiner, JW and Parker, GJ and Poon, CC and Hellwig, O and Stipe, BC},
  journal={Applied Physics Letters},
  volume={104},
  number={16},
  pages={162407},
  year={2014},
  publisher={AIP Publishing}
}

@article{kerr1877xliii,
  title={XLIII. On rotation of the plane of polarization by reflection from the pole of a magnet},
  author={Kerr, John},
  journal={The London, Edinburgh, and Dublin Philosophical Magazine and Journal of Science},
  volume={3},
  number={19},
  pages={321--343},
  year={1877},
  publisher={Taylor \& Francis}
}



@article{chernyshov2015measurement,
  title={Measurement of Curie temperature distribution relevant to heat assisted magnetic recording},
  author={Chernyshov, Alex and Le, Thanh and Livshitz, Boris and Mryasov, Oleg and Miller, Charles and Acharya, Ram and Treves, David},
  journal={Journal of Applied Physics},
  volume={117},
  number={17},
  pages={17D111},
  year={2015},
  publisher={AIP Publishing}
}

@article{chen2015experimental,
  title={An Experimental Investigation on Curie Temperature Variations and Related Switching Field Distributions in Heat-Assisted Magnetic Recording Media},
  author={Chen, YJ and Leong, SH and Yang, HZ and Hu, JF},
  journal={Magnetics, IEEE Transactions on},
  volume={51},
  number={11},
  pages={1--4},
  year={2015},
  publisher={IEEE}
}

@article{arrott1967approximate,
  title={Approximate equation of state for nickel near its critical temperature},
  author={Arrott, Anthony and Noakes, John E},
  journal={Physical Review Letters},
  volume={19},
  number={14},
  pages={786},
  year={1967},
  publisher={APS}
}

@article{noakes1968magnetization,
  title={Magnetization of nickel near its critical temperature},
  author={Noakes, JE and Arrott, A},
  journal={Journal of Applied Physics},
  volume={39},
  number={2},
  pages={1235--1236},
  year={1968},
  publisher={AIP Publishing}
}

@article{weiss1926aimantation,
  title={Aimantation et ph{\'e}nom{\`e}ne magn{\'e}tocalorique du nickel},
  author={Weiss, Pierre and Forrer, R},
  journal={Ann. Phys.(Paris)},
  volume={5},
  pages={153--213},
  year={1926}
}

@article{lyberatos1997fluctuation,
  title={The fluctuation field of ferromagnetic materials},
  author={Lyberatos, A and Chantrell, RW},
  journal={Journal of Physics: Condensed Matter},
  volume={9},
  number={12},
  pages={2623},
  year={1997},
  publisher={IOP Publishing}
}


@article{farle1993thickness,
  title={Thickness-dependent Curie temperature of Gd (0001)/W (110) and its dependence on the growth conditions},
  author={Farle, M and Baberschke, K and Stetter, U and Aspelmeier, A and Gerhardter, F},
  journal={Physical Review B},
  volume={47},
  number={17},
  pages={11571},
  year={1993},
  publisher={APS}
}

@article{tang1991size,
  title={Size-dependent Curie temperature in nanoscale MnFe 2 O 4 particles},
  author={Tang, ZX and Sorensen, CM and Klabunde, KJ and Hadjipanayis, GC},
  journal={Physical review letters},
  volume={67},
  number={25},
  pages={3602},
  year={1991},
  publisher={APS}
}

@article{perumal2008l10,
  title={L10 FePt--C nanogranular perpendicular anisotropy films with narrow size distribution},
  author={Perumal, Alagarsamy and Takahashi, Yukiko K and Hono, Kazuhiro},
  journal={Applied physics express},
  volume={1},
  number={10},
  pages={101301},
  year={2008},
  publisher={IOP Publishing}
}

@article{zhang2010l1,
  title={L1 0-ordered high coercivity (FePt) Ag--C granular thin films for perpendicular recording},
  author={Zhang, Li and Takahashi, YK and Perumal, A and Hono, K},
  journal={Journal of Magnetism and Magnetic Materials},
  volume={322},
  number={18},
  pages={2658--2664},
  year={2010},
  publisher={Elsevier}
}

@article{walter2000correlation,
  title={Correlation Length of the 2D Classical Heisenberg Model},
  author={Walter, S},
  year={2000}
}

@book{economou2010physics,
  title={The Physics of Solids: Essentials and Beyond},
  author={Economou, Eleftherios N},
  year={2010},
  publisher={Springer Science \& Business Media}
}

@article{holm1993critical,
  title={Critical exponents of the classical three-dimensional Heisenberg model: A single-cluster Monte Carlo study},
  author={Holm, Christian and Janke, Wolfhard},
  journal={Physical Review B},
  volume={48},
  number={2},
  pages={936},
  year={1993},
  publisher={APS}
}

@article{yu2010real,
  title={Real-space observation of a two-dimensional skyrmion crystal},
  author={Yu, XZ and Onose, Y and Kanazawa, N and Park, JH and Han, JH and Matsui, Y and Nagaosa, N and Tokura, Y},
  journal={Nature},
  volume={465},
  number={7300},
  pages={901--904},
  year={2010},
  publisher={Nature Publishing Group}
}

@article{alaei2010fermi,
  title={Fermi surface nesting and possibility of orbital ordering in FeO},
  author={Alaei, M and Jafari, SA},
  journal={Physics Letters A},
  volume={374},
  number={36},
  pages={3793--3796},
  year={2010},
  publisher={Elsevier}
}

@article{pottsthesis,
author = {Potts,R. B.},
title = {Some generalized order-disorder transformations},
journal = {Mathematical Proceedings of the Cambridge Philosophical Society},
volume = {48},
issue = {01},
month = {1},
month = {1},
year = {1952},
issn = {1469-8064},
pages = {106--109},
numpages = {4},
doi = {10.1017/S0305004100027419},
URL = {http://journals.cambridge.org/article_S0305004100027419},
}

@book{hookhall,
  Author = {J. R. Hook and H. E. Hall},
  Title = {Solid State Physics, 2nd Edition},
  Publisher = {Wiley},
  Year = {1995},
  ISBN = {0471928054},
  URL = {http://www.amazon.com/Solid-State-Physics-2nd-Hook/dp/0471928054%3FSubscriptionId%3D0JYN1NVW651KCA56C102%26tag%3Dtechkie-20%26linkCode%3Dxm2%26camp%3D2025%26creative%3D165953%26creativeASIN%3D0471928054}
}

@article{phan2007review,
  title={Review of the magnetocaloric effect in manganite materials},
  author={Phan, Manh-Huong and Yu, Seong-Cho},
  journal={Journal of Magnetism and Magnetic Materials},
  volume={308},
  number={2},
  pages={325--340},
  year={2007},
  publisher={Elsevier}
}


